<?xml version="1.0" encoding="UTF-8"?>
<record>
  <leader>00805nam#a2200253#cc4500</leader>
  <controlfield tag="005">20210408204138.0</controlfield>
  <controlfield tag="007">tu</controlfield>
  <controlfield tag="008">060512|1904####xx############|||#|#ger#c</controlfield>
  <controlfield tag="003">DE-605</controlfield>
  <controlfield tag="001">990150856900206441</controlfield>
  <datafield tag="016" ind1="7" ind2=" ">
    <subfield code="a">831219119</subfield>
    <subfield code="2">OCoLC</subfield>
  </datafield>
  <datafield tag="035" ind1=" " ind2=" ">
    <subfield code="a">(DE-605)TT002001274</subfield>
  </datafield>
  <datafield tag="040" ind1=" " ind2=" ">
    <subfield code="a">Kn 28</subfield>
    <subfield code="b">ger</subfield>
    <subfield code="c">Kn 28</subfield>
    <subfield code="e">rakwb</subfield>
  </datafield>
  <datafield tag="041" ind1=" " ind2=" ">
    <subfield code="a">ger</subfield>
    <subfield code="a">lat</subfield>
    <subfield code="a">gre</subfield>
  </datafield>
  <datafield tag="044" ind1=" " ind2=" ">
    <subfield code="c">DX</subfield>
  </datafield>
  <datafield tag="245" ind1="0" ind2="0">
    <subfield code="a">Apollinaris von Laodicea und seine Schule</subfield>
    <subfield code="b">Texte und Untersuchungen</subfield>
    <subfield code="n">1</subfield>
    <subfield code="c">von Hans Lietzmann</subfield>
  </datafield>
  <datafield tag="264" ind1=" " ind2="1">
    <subfield code="a">Tübingen</subfield>
    <subfield code="b">Mohr</subfield>
    <subfield code="c">1904</subfield>
  </datafield>
  <datafield tag="300" ind1=" " ind2=" ">
    <subfield code="a">XVI, 323 S.</subfield>
  </datafield>
  <datafield tag="700" ind1="1" ind2=" ">
    <subfield code="a">Lietzmann, Hans</subfield>
    <subfield code="d">1875-1942</subfield>
    <subfield code="0">(DE-588)118572865</subfield>
    <subfield code="4">oth</subfield>
    <subfield code="9">O:H</subfield>
    <subfield code="0">https://portal.dnb.de/opac.htm?method=simpleSearch&amp;cqlMode=true&amp;query=idn=118572865</subfield>
    <subfield code="0">http://viaf.org/viaf/sourceID/DNB|118572865</subfield>
    <subfield code="B">GND-118572865</subfield>
  </datafield>
  <datafield tag="700" ind1="0" ind2=" ">
    <subfield code="a">Apollinaris</subfield>
    <subfield code="c">Laodicensis</subfield>
    <subfield code="d">310-390</subfield>
    <subfield code="0">(DE-588)118649817</subfield>
    <subfield code="4">oth</subfield>
    <subfield code="9">O:H</subfield>
    <subfield code="0">https://portal.dnb.de/opac.htm?method=simpleSearch&amp;cqlMode=true&amp;query=idn=118649817</subfield>
    <subfield code="0">http://viaf.org/viaf/sourceID/DNB|118649817</subfield>
    <subfield code="B">GND-118649817</subfield>
  </datafield>
  <datafield tag="773" ind1="0" ind2="8">
    <subfield code="w">(DE-605)HT001375579</subfield>
    <subfield code="q">1</subfield>
  </datafield>
  <datafield tag="964" ind1="0" ind2="s">
    <subfield code="F">030</subfield>
    <subfield code="A">a|1uc||||||||</subfield>
  </datafield>
  <datafield tag="964" ind1="0" ind2="s">
    <subfield code="F">050</subfield>
    <subfield code="A">a|||||||||||||</subfield>
  </datafield>
  <datafield tag="035" ind1=" " ind2=" ">
    <subfield code="a">(OCoLC)831219119</subfield>
  </datafield>
  <datafield tag="MBD" ind1=" " ind2=" ">
    <subfield code="M">49HBZ_NETWORK</subfield>
    <subfield code="i">990150856900206441</subfield>
    <subfield code="n">HBZ Network</subfield>
  </datafield>
  <datafield tag="MBD" ind1=" " ind2=" ">
    <subfield code="M">49HBZ_BRIDGE_EDK</subfield>
    <subfield code="i">9964720307507</subfield>
    <subfield code="n">Erzbischöfliche Diözesan- und Dombibliothek</subfield>
  </datafield>
  <datafield tag="MNG" ind1=" " ind2=" ">
    <subfield code="c">System</subfield>
    <subfield code="f">ILS</subfield>
    <subfield code="i">marc21</subfield>
    <subfield code="k">01</subfield>
    <subfield code="e">false</subfield>
    <subfield code="d">2023-06-23 04:34:06 Europe/Berlin</subfield>
    <subfield code="g">015085690-HBZ01</subfield>
    <subfield code="j">60</subfield>
    <subfield code="a">import</subfield>
    <subfield code="b">2021-04-06 00:49:56 Europe/Berlin</subfield>
  </datafield>
  <datafield tag="H52" ind1="0" ind2=" ">
    <subfield code="b">ED001</subfield>
    <subfield code="c">MAG</subfield>
    <subfield code="h">Dc 4364</subfield>
    <subfield code="8">2250360740007507</subfield>
  </datafield>
  <datafield tag="HOL" ind1=" " ind2=" ">
    <subfield code="d">2023-06-25 04:25:49</subfield>
    <subfield code="8">2250360740007507</subfield>
    <subfield code="b">2023-06-25 04:25:49</subfield>
    <subfield code="M">49HBZ_BRIDGE_EDK</subfield>
    <subfield code="g">false</subfield>
    <subfield code="a">System</subfield>
    <subfield code="c">System</subfield>
  </datafield>
  <datafield tag="ITM" ind1=" " ind2=" ">
    <subfield code="H">2250360740007507</subfield>
    <subfield code="x">MAG</subfield>
    <subfield code="f">BOOK</subfield>
    <subfield code="v">MAG</subfield>
    <subfield code="p">10</subfield>
    <subfield code="X">System</subfield>
    <subfield code="Y">2003-09-09 02:00:00 Europe/Berlin</subfield>
    <subfield code="n">Dc 4364</subfield>
    <subfield code="M">49HBZ_BRIDGE_EDK</subfield>
    <subfield code="s">1</subfield>
    <subfield code="d">0</subfield>
    <subfield code="V">System</subfield>
    <subfield code="b">254847-10</subfield>
    <subfield code="a">2350360720007507</subfield>
    <subfield code="c">Dc 4364</subfield>
    <subfield code="B">1961.2925</subfield>
    <subfield code="D">20030909</subfield>
    <subfield code="W">2023-06-25 06:25:49 Europe/Berlin</subfield>
    <subfield code="u">ED001</subfield>
    <subfield code="w">ED001</subfield>
  </datafield>
  <datafield tag="GPN" ind1="0" ind2=" ">
    <subfield code="a">Apolinaris</subfield>
    <subfield code="c">Laodicenus</subfield>
    <subfield code="d">310-390</subfield>
    <subfield code="A">GND</subfield>
    <subfield code="B">GND-118649817</subfield>
    <subfield code="C">400</subfield>
  </datafield>
  <datafield tag="GPN" ind1="0" ind2=" ">
    <subfield code="a">Apolinarius</subfield>
    <subfield code="c">Laodicenus</subfield>
    <subfield code="d">310-390</subfield>
    <subfield code="A">GND</subfield>
    <subfield code="B">GND-118649817</subfield>
    <subfield code="C">400</subfield>
  </datafield>
  <datafield tag="GPN" ind1="0" ind2=" ">
    <subfield code="a">Apollinarios</subfield>
    <subfield code="c">von Laodicea</subfield>
    <subfield code="d">310-390</subfield>
    <subfield code="A">GND</subfield>
    <subfield code="B">GND-118649817</subfield>
    <subfield code="C">400</subfield>
  </datafield>
  <datafield tag="GPN" ind1="0" ind2=" ">
    <subfield code="a">Apollinarius</subfield>
    <subfield code="c">von Laodicea</subfield>
    <subfield code="d">310-390</subfield>
    <subfield code="A">GND</subfield>
    <subfield code="B">GND-118649817</subfield>
    <subfield code="C">400</subfield>
  </datafield>
  <datafield tag="GPN" ind1="0" ind2=" ">
    <subfield code="a">Apolinarius</subfield>
    <subfield code="c">von Laodicea</subfield>
    <subfield code="d">310-390</subfield>
    <subfield code="A">GND</subfield>
    <subfield code="B">GND-118649817</subfield>
    <subfield code="C">400</subfield>
  </datafield>
  <datafield tag="GPN" ind1="1" ind2=" ">
    <subfield code="a">Apollinaris, Alexander</subfield>
    <subfield code="d">310-390</subfield>
    <subfield code="A">GND</subfield>
    <subfield code="B">GND-118649817</subfield>
    <subfield code="C">400</subfield>
  </datafield>
  <datafield tag="GPN" ind1="0" ind2=" ">
    <subfield code="a">Apollinaris</subfield>
    <subfield code="c">von Laodicea</subfield>
    <subfield code="d">310-390</subfield>
    <subfield code="9">v:R:RAK-ÖB</subfield>
    <subfield code="A">GND</subfield>
    <subfield code="B">GND-118649817</subfield>
    <subfield code="C">400</subfield>
  </datafield>
  <datafield tag="GPN" ind1="0" ind2=" ">
    <subfield code="a">Apollinarios</subfield>
    <subfield code="c">von Laodikeia</subfield>
    <subfield code="d">310-390</subfield>
    <subfield code="A">GND</subfield>
    <subfield code="B">GND-118649817</subfield>
    <subfield code="C">400</subfield>
  </datafield>
  <datafield tag="GPN" ind1="0" ind2=" ">
    <subfield code="a">Apollinaris</subfield>
    <subfield code="c">Haereticus</subfield>
    <subfield code="d">310-390</subfield>
    <subfield code="A">GND</subfield>
    <subfield code="B">GND-118649817</subfield>
    <subfield code="C">400</subfield>
  </datafield>
  <datafield tag="GPN" ind1="0" ind2=" ">
    <subfield code="a">Apollinaris</subfield>
    <subfield code="c">Laodicenus</subfield>
    <subfield code="d">310-390</subfield>
    <subfield code="A">GND</subfield>
    <subfield code="B">GND-118649817</subfield>
    <subfield code="C">400</subfield>
  </datafield>
  <datafield tag="GPN" ind1="0" ind2=" ">
    <subfield code="a">Apollinarius</subfield>
    <subfield code="c">Laodicensis</subfield>
    <subfield code="d">310-390</subfield>
    <subfield code="A">GND</subfield>
    <subfield code="B">GND-118649817</subfield>
    <subfield code="C">400</subfield>
  </datafield>
  <datafield tag="GPN" ind1="0" ind2=" ">
    <subfield code="a">Apollinarius</subfield>
    <subfield code="c">Laodicenus</subfield>
    <subfield code="d">310-390</subfield>
    <subfield code="A">GND</subfield>
    <subfield code="B">GND-118649817</subfield>
    <subfield code="C">400</subfield>
  </datafield>
  <datafield tag="GPN" ind1="0" ind2=" ">
    <subfield code="a">Apollinaris</subfield>
    <subfield code="c">Theologus</subfield>
    <subfield code="d">310-390</subfield>
    <subfield code="A">GND</subfield>
    <subfield code="B">GND-118649817</subfield>
    <subfield code="C">400</subfield>
  </datafield>
  <datafield tag="GPN" ind1="0" ind2=" ">
    <subfield code="a">Apollinaire</subfield>
    <subfield code="c">de Laodicée</subfield>
    <subfield code="d">310-390</subfield>
    <subfield code="A">GND</subfield>
    <subfield code="B">GND-118649817</subfield>
    <subfield code="C">400</subfield>
  </datafield>
  <datafield tag="GPN" ind1="0" ind2=" ">
    <subfield code="a">Apollinarios</subfield>
    <subfield code="c">Lehrer der Rhetorik</subfield>
    <subfield code="d">310-390</subfield>
    <subfield code="A">GND</subfield>
    <subfield code="B">GND-118649817</subfield>
    <subfield code="C">400</subfield>
  </datafield>
  <datafield tag="GPN" ind1="0" ind2=" ">
    <subfield code="a">Apollinaris</subfield>
    <subfield code="c">Scriptor Ecclesiasticus</subfield>
    <subfield code="d">310-390</subfield>
    <subfield code="A">GND</subfield>
    <subfield code="B">GND-118649817</subfield>
    <subfield code="C">400</subfield>
  </datafield>
  <datafield tag="GPN" ind1="0" ind2=" ">
    <subfield code="a">Apollinarius</subfield>
    <subfield code="c">Theologus</subfield>
    <subfield code="d">310-390</subfield>
    <subfield code="A">GND</subfield>
    <subfield code="B">GND-118649817</subfield>
    <subfield code="C">400</subfield>
  </datafield>
  <datafield tag="GPN" ind1="0" ind2=" ">
    <subfield code="a">Apollinare</subfield>
    <subfield code="c">di Laodicea</subfield>
    <subfield code="d">310-390</subfield>
    <subfield code="A">GND</subfield>
    <subfield code="B">GND-118649817</subfield>
    <subfield code="C">400</subfield>
  </datafield>
  <datafield tag="GPN" ind1="0" ind2=" ">
    <subfield code="a">Apolinaris</subfield>
    <subfield code="c">Laodicensis</subfield>
    <subfield code="d">310-390</subfield>
    <subfield code="A">GND</subfield>
    <subfield code="B">GND-118649817</subfield>
    <subfield code="C">400</subfield>
  </datafield>
  <datafield tag="GPN" ind1="0" ind2=" ">
    <subfield code="a">Apollinare d</subfield>
    <subfield code="c">di Laodicea</subfield>
    <subfield code="d">310-390</subfield>
    <subfield code="A">GND</subfield>
    <subfield code="B">GND-118649817</subfield>
    <subfield code="C">400</subfield>
  </datafield>
  <datafield tag="GPN" ind1="0" ind2=" ">
    <subfield code="a">Appolinarius</subfield>
    <subfield code="c">Laodicenus</subfield>
    <subfield code="d">310-390</subfield>
    <subfield code="A">GND</subfield>
    <subfield code="B">GND-118649817</subfield>
    <subfield code="C">400</subfield>
  </datafield>
  <datafield tag="GPN" ind1="0" ind2=" ">
    <subfield code="a">Apollinaris</subfield>
    <subfield code="c">of Laodicea</subfield>
    <subfield code="d">310-390</subfield>
    <subfield code="A">GND</subfield>
    <subfield code="B">GND-118649817</subfield>
    <subfield code="C">400</subfield>
  </datafield>
  <datafield tag="GPN" ind1="0" ind2=" ">
    <subfield code="a">Appolinaire de Laodicée</subfield>
    <subfield code="d">310-390</subfield>
    <subfield code="A">GND</subfield>
    <subfield code="B">GND-118649817</subfield>
    <subfield code="C">400</subfield>
  </datafield>
  <datafield tag="GSI" ind1="7" ind2=" ">
    <subfield code="a">118649817</subfield>
    <subfield code="0">http://d-nb.info/gnd/118649817</subfield>
    <subfield code="2">gnd</subfield>
    <subfield code="A">GND</subfield>
    <subfield code="B">GND-118649817</subfield>
    <subfield code="C">024</subfield>
  </datafield>
  <datafield tag="GPN" ind1="1" ind2=" ">
    <subfield code="a">Lietzmann, H.</subfield>
    <subfield code="d">1875-1942</subfield>
    <subfield code="A">GND</subfield>
    <subfield code="B">GND-118572865</subfield>
    <subfield code="C">400</subfield>
  </datafield>
  <datafield tag="GPN" ind1="1" ind2=" ">
    <subfield code="a">Lietzmann, Johannes</subfield>
    <subfield code="d">1875-1942</subfield>
    <subfield code="A">GND</subfield>
    <subfield code="B">GND-118572865</subfield>
    <subfield code="C">400</subfield>
  </datafield>
  <datafield tag="GPN" ind1="1" ind2=" ">
    <subfield code="a">Lietzmann, Iohannes</subfield>
    <subfield code="d">1875-1942</subfield>
    <subfield code="A">GND</subfield>
    <subfield code="B">GND-118572865</subfield>
    <subfield code="C">400</subfield>
  </datafield>
  <datafield tag="GPN" ind1="1" ind2=" ">
    <subfield code="a">Lietzmann, D. Hans</subfield>
    <subfield code="d">1875-1942</subfield>
    <subfield code="A">GND</subfield>
    <subfield code="B">GND-118572865</subfield>
    <subfield code="C">400</subfield>
  </datafield>
  <datafield tag="GSI" ind1="7" ind2=" ">
    <subfield code="a">118572865</subfield>
    <subfield code="0">http://d-nb.info/gnd/118572865</subfield>
    <subfield code="2">gnd</subfield>
    <subfield code="A">GND</subfield>
    <subfield code="B">GND-118572865</subfield>
    <subfield code="C">024</subfield>
  </datafield>
  <datafield tag="GSI" ind1="7" ind2=" ">
    <subfield code="a">5107365</subfield>
    <subfield code="2">geprishisp</subfield>
    <subfield code="A">GND</subfield>
    <subfield code="B">GND-118572865</subfield>
    <subfield code="C">024</subfield>
  </datafield>
</record>
